@BOOK{lehmann,
	TITLE={Auswahl von Mitgliedern virtueller Teams},
	AUTHOR={Katrin Lehmann},
	YEAR={2003},
	PUBLISHER={Deutscher Universitäts-Verlag/GWV-Fachverlage GmbH},
	ADDRESS={Wiesbaden},
	EDITION={1. Aufl.}
}

@MastersThesis{kohlhauser,
	TITLE={Kollaboration in virtuellen Arbeitsumgebungen mit Desksharing im Vergleich zu fixen Arbeitsplätzen },
	AUTHOR={Daniela Kohlhauser},
	YEAR={2007},
	PUBLISHER={Facultas AG},
	ADDRESS={Wien},
}

@BOOK{probst,
	TITLE={Wissen managen: Wie Unternehmen ihre wertvollsten Ressourcen optimal nutzen},
	AUTHOR={Gilbert Probst},
	YEAR={2006},
	PUBLISHER={Gabler Verlag},
	EDITION={5. Aufl.}
}